@online{orbitdb,
    title     = "OrbitDB",
    url       = "https://orbitdb.orghttps://orbitdb.org"
}

@online{ipfs,
    title     = "IPFS",
    url       = "https://ipfs.tech",
}

@online{libp2p,
    title     = "libp2p",
    url       = "https://libp2p.io/"
}

@online{freenet,
    title     = "Freenet",
    url       = "https://freenet.org"
}

@online{hyphanet,
    title     = "Hyphanet",
    url       = "https://www.hyphanet.org/index.html"
}

@online{blockchain,
    author    = "Javier Sáez Hurtado",
    title     = "Qué es Blockchain y cómo funciona la tecnología Blockchain",
    urldate   = "2024-09-25",
    url       = "https://www.iebschool.com/blog/blockchain-cadena-bloques-revoluciona-sector-financiero-finanzas"
}

@online{meta-offline,
    author    = "Santosh Janardhan",
    title     = "More details about the October 4 outage",
    url       = "https://engineering.fb.com/2021/10/05/networking-traffic/outage-details/"
}

@online{dead-games,
    author    = "Jana Brnakova",
    title     = "Game decommissioning: When beloved games shut down",
    url       = "https://www.revolgy.com/insights/blog/game-decommissioning-when-beloved-games-get-shut-down-and-online-worlds-disappear"
}

@online{censorship-wikipedia,
    title     = "Censorship of Wikipedia",
    url       = "https://en.wikipedia.org/wiki/Censorship_of_Wikipedia"
}

@online{cid,
    title     = "IPFS Content Identifiers",
    url       = "https://docs.ipfs.tech/concepts/content-addressing/#what-is-a-cid",
    keywords  = "ipfs,cid"
}

@online{garbage-collector,
    title = "IPFS Garbage Collector",
    url = "https://docs.ipfs.tech/concepts/persistence/#garbage-collection"
}

@online{pinning,
    title = "Pinning",
    url = "https://docs.ipfs.tech/concepts/glossary/#pinning"
}

@online{pinning-services,
    title = "IPFS Pinning services",
    url = "https://docs.ipfs.tech/concepts/persistence/#pinning-services"
}

@online{ipfs-cluster,
    title = "IPFS Cluster",
    url = "https://ipfscluster.io/"}

@online{fleek,
    title     = "Fleek",
    url       = "https://fleek.xyz/docs/platform/hosting/"
}

@online{pinata,
    title     = "Pinata",
    url       = "https://pinata.cloud/ipfs"
}

@online{ipns,
    title = "InterPlanetary Name System",
    url = "https://docs.ipfs.tech/concepts/ipns",
}

@online{dnslink,
    title = "DNSLink",
    url = "https://docs.ipfs.tech/concepts/dnslink/#dnslink"
}

@online{kubo,
    title     = "Kubo: IPFS node implementation in Go",
    url       = "https://docs.ipfs.tech/install/command-line/"
}

@online{helia,
    title     = "Helia: IPFS node implementation in Javascript",
    url       = "https://github.com/ipfs/helia"
}

@online{ipfs-static-website,
    title     = "Host a single-page website with IPFS Desktop",
    url       = "https://docs.ipfs.tech/how-to/websites-on-ipfs/single-page-website/#set-up-a-domain"
}

@online{kubo-api,
    title = "HTTP API for Kubo",
    url = "https://docs.ipfs.tech/reference/kubo/rpc/"
}

@online{cluster-api,
    title = "HTTP API for IPFS Cluster",
    url = "https://ipfscluster.io/documentation/reference/api/"
}

@online{kubo-container,
    title = "Run IPFS inside Docker",
    url = "https://docs.ipfs.tech/install/run-ipfs-inside-docker/"
}

@online{cluster-container,
    title = "Deployment Automations",
    subtitle = "Docker",
    url = "https://ipfscluster.io/documentation/deployment/automations/#docker",
}

@online{ipfs-cluster-follow,
    title = "ipfs-cluster-follow",
    url = "https://ipfscluster.io/documentation/reference/follow/"
}

@online{service-json,
    title = "Configuration Reference",
    url = "https://ipfscluster.io/documentation/reference/configuration"
}

@online{multiaddr,
    title = "Multiaddr",
    url = "https://multiformats.io/multiaddr/"
}

@online{ipns-hash,
    title = "Anatomy of an IPNS name",
    url = "https://docs.ipfs.tech/concepts/ipns/#anatomy-of-an-ipns-name"
}

@online{ipns-record,
    title = "IPNS Record and Protocol",
    url = "https://specs.ipfs.tech/ipns/ipns-record/"
}

@online{dht,
    title = "Distributed Hash Tables (DHTs)",
    url = "https://docs.ipfs.tech/concepts/dht"
}

@online{swarm-origin,
    title = "The Origins of Swarm",
    url = "https://blog.ethswarm.org/hive/2024/the-origins-of-swarm"
}